% refs.bib  -  BibTeX citation database

%%%%% Add your own definitions here
@STRING{ICDM = "International Conference on Data Mining"}

%%%%%%%%%%%%%%%%%%%%%%%%%%%%
%%%%% Self Publications %%%%
%%%%%%%%%%%%%%%%%%%%%%%%%%%%

@ARTICLE{RashidiSMCA09,
  AUTHOR =       {Parisa Rashidi and Diane J. Cook},
  TITLE =        {the resident in the loop: Adapting the smart home to the user},
  JOURNAL =      {IEEE Transactions on Systems, Man, and Cybernetics journal, Part A},
  YEAR =         {2009},
  Volume =       {39},
  number=        {5},
  pages =        {949--959}
  }


%%%%%%%%%%%%%%%%%%%%%%%%%%%%
%%%%%   Rest           %%%%%
%%%%%%%%%%%%%%%%%%%%%%%%%%%%
