% refs.bib  -  BibTeX citation database

%%%%% Add your own definitions here
@STRING{ICDM = "International Conference on Data Mining"}

%%%%%%%%%%%%%%%%%%%%%%%%%%%%
%%%%% Self Publications %%%%
%%%%%%%%%%%%%%%%%%%%%%%%%%%%

@inproceedings{zesch2007analysis,
	title={Analysis of the Wikipedia category graph for NLP applications},
	author={Zesch, Torsten and Gurevych, Iryna},
	booktitle={Proceedings of the Second Workshop on TextGraphs: Graph-Based Algorithms for Natural Language Processing},
	pages={1--8},
	year={2007}
}

@inproceedings{zou2014natural,
	title={Natural language question answering over RDF: a graph data driven approach},
	author={Zou, Lei and Huang, Ruizhe and Wang, Haixun and Yu, Jeffrey Xu and He, Wenqiang and Zhao, Dongyan},
	booktitle={Proceedings of the 2014 ACM SIGMOD international conference on Management of data},
	pages={313--324},
	year={2014},
	organization={ACM}
}

@article{hu2018answering,
	title={Answering natural language questions by subgraph matching over knowledge graphs},
	author={Hu, Sen and Zou, Lei and Yu, Jeffrey Xu and Wang, Haixun and Zhao, Dongyan},
	journal={IEEE Transactions on Knowledge and Data Engineering},
	volume={30},
	number={5},
	pages={824--837},
	year={2018},
	publisher={IEEE}
}

@article{newman2003structure,
	title={The structure and function of complex networks},
	author={Newman, Mark EJ},
	journal={SIAM review},
	volume={45},
	number={2},
	pages={167--256},
	year={2003},
	publisher={SIAM}
}

@article{hochreiter1997long,
	title={Long short-term memory},
	author={Hochreiter, Sepp and Schmidhuber, J{\"u}rgen},
	journal={Neural computation},
	volume={9},
	number={8},
	pages={1735--1780},
	year={1997},
	publisher={MIT Press}
}

@article{xu2017sqlnet,
	title={Sqlnet: Generating structured queries from natural language without reinforcement learning},
	author={Xu, Xiaojun and Liu, Chang and Song, Dawn},
	journal={arXiv preprint arXiv:1711.04436},
	year={2017}
}

@article{zhongSeq2SQL2017,
	author    = {Victor Zhong and
	Caiming Xiong and
	Richard Socher},
	title     = {Seq2SQL: Generating Structured Queries from Natural Language using
	Reinforcement Learning},
	journal   = {CoRR},
	volume    = {abs/1709.00103},
	year      = {2017}
}

@article{gabrilovich2009wikipedia,
	title={Wikipedia-based semantic interpretation for natural language processing},
	author={Gabrilovich, Evgeniy and Markovitch, Shaul},
	journal={Journal of Artificial Intelligence Research},
	volume={34},
	pages={443--498},
	year={2009}
}

@article{yin2015neural,
	title={Neural enquirer: Learning to query tables with natural language},
	author={Yin, Pengcheng and Lu, Zhengdong and Li, Hang and Kao, Ben},
	year={2015},
	journal={arXiv preprint arXiv:1512.00965}
}

@inproceedings{couderc2015fr2sql,
	title={fr2sql: Interrogation de bases de donn{\'e}es en fran{\c{c}}ais},
	author={Couderc, Beno{\^\i}t and Ferrero, J{\'e}r{\'e}my},
	booktitle={22{\`e}me Traitement Automatique des Langues Naturelles},
	year={2015}
}

@book{miller1998wordnet,
	title={WordNet: An electronic lexical database},
	author={Miller, George},
	year={1998},
	publisher={MIT press}
}

@article{newman2005power,
	title={Power laws, Pareto distributions and Zipf's law},
	author={Newman, Mark EJ},
	journal={Contemporary physics},
	volume={46},
	number={5},
	pages={323--351},
	year={2005},
	publisher={Taylor \& Francis}
}

@article{doi:10.1080/00107510500052444,
	author = { MEJ   Newman },
	title = {Power laws, Pareto distributions and Zipf's law},
	journal = {Contemporary Physics},
	volume = {46},
	number = {5},
	pages = {323-351},
	year  = {2005},
	publisher = {Taylor & Francis}
	
}

@article{clauset2009power,
	title={Power-law distributions in empirical data},
	author={Clauset, Aaron and Shalizi, Cosma Rohilla and Newman, Mark EJ},
	journal={SIAM review},
	volume={51},
	number={4},
	pages={661--703},
	year={2009},
	publisher={SIAM}
}

@book{wasserman1994social,
	title={Social network analysis: Methods and applications},
	author={Wasserman, Stanley and Faust, Katherine},
	volume={8},
	year={1994},
	publisher={Cambridge university press}
}

@article{watts1998collective,
	title={Collective dynamics of ‘small-world’networks},
	author={Watts, Duncan J and Strogatz, Steven H},
	journal={nature},
	volume={393},
	number={6684},
	pages={440},
	year={1998},
	publisher={Nature Publishing Group}
}

@article{zlatic2006wikipedias,
	title={Wikipedias: Collaborative web-based encyclopedias as complex networks},
	author={Zlati{\'c}, Vinko and Bo{\v{z}}i{\v{c}}evi{\'c}, Miran and {\v{S}}tefan{\v{c}}i{\'c}, Hrvoje and Domazet, Mladen},
	journal={Physical Review E},
	volume={74},
	number={1},
	pages={016115},
	year={2006},
	publisher={APS}
}

@article{steyvers2005large,
	title={The large-scale structure of semantic networks: Statistical analyses and a model of semantic growth},
	author={Steyvers, Mark and Tenenbaum, Joshua B},
	journal={Cognitive science},
	volume={29},
	number={1},
	pages={41--78},
	year={2005},
	publisher={Wiley Online Library}
}
%%%%%%%%%%%%%%%%%%%%%%%%%%%%
%%%%%   Rest           %%%%%
%%%%%%%%%%%%%%%%%%%%%%%%%%%%
